<?xml version="1.0" encoding="UTF-8"?><collection xmlns="http://www.loc.gov/MARC21/slim"><record><leader>00479nam--2200169-i-4500</leader><controlfield tag="001">000017079</controlfield><controlfield tag="002">20161230</controlfield><controlfield tag="005">20161230201032</controlfield><controlfield tag="008">060222s1000------------r-----000-0-eng-d</controlfield><datafield ind1=" " ind2=" " tag="040"><subfield code="a">IFIN-HH</subfield></datafield><datafield ind1=" " ind2=" " tag="080"><subfield code="a">535.243(043)</subfield></datafield><datafield ind1="1" ind2=" " tag="100"><subfield code="a">Bakker, Huib Johan</subfield></datafield><datafield ind1="1" ind2="0" tag="245"><subfield code="a">Time-resolved vibrational spectroscopy with picosecond infrared pulses</subfield><subfield code="c">Huib johan bakker</subfield></datafield><datafield ind1=" " ind2=" " tag="260"><subfield code="a">Amsterdam</subfield><subfield code="b">Universiteit</subfield><subfield code="c">1991</subfield></datafield><datafield ind1=" " ind2=" " tag="300"><subfield code="a">193 P</subfield></datafield><datafield ind1=" " ind2=" " tag="852"><subfield code="a">79954</subfield><subfield code="c">535.33</subfield></datafield><datafield ind1=" " ind2=" " tag="CAT"><subfield code="a">Sys</subfield><subfield code="c">20101221</subfield><subfield code="h">155507</subfield></datafield></record></collection>